@ARTICLE{7867716, 
author={M. Shahzad and M. P. Singh}, 
journal={IEEE Internet Computing}, 
title={Continuous Authentication and Authorization for the Internet of Things}, 
year={2017}, 
volume={21}, 
number={2}, 
pages={86-90}, 
keywords={authorisation;Internet of Things;message authentication;wireless LAN;continuous authentication;continuous authorization;Internet of Things;WiFi-based human authentication system;WiFiU;Internet of things;Internet and Web services;Computer security;Privacy;Authentication;Smart devices;Internet/Web technologies;Internet of Things;IoT;device authentication;security and privacy}, 
doi={10.1109/MIC.2017.33}, 
ISSN={1089-7801}, 
month={Mar},}
